<record><leader>00000cas a2200000 a 4500</leader><controlfield tag="001">35070552</controlfield><controlfield tag="008">960712d187u1989miuwr ne      0    0eng c</controlfield><datafield ind1=" " ind2=" " tag="010"><subfield code="a">sn 96076833 </subfield></datafield><datafield ind1=" " ind2=" " tag="040"><subfield code="a">MHN</subfield><subfield code="b">eng</subfield><subfield code="c">MHN</subfield><subfield code="d">OCL</subfield><subfield code="d">MHN</subfield><subfield code="d">OCL</subfield><subfield code="d">OCLCQ</subfield><subfield code="d">OCLCF</subfield></datafield><datafield ind1="1" ind2=" " tag="029"><subfield code="a">AU@</subfield><subfield code="b">000012679617</subfield></datafield><datafield ind1=" " ind2=" " tag="042"><subfield code="a">pcc</subfield></datafield><datafield ind1=" " ind2=" " tag="043"><subfield code="a">n-us-mi</subfield></datafield><datafield ind1="0" ind2="0" tag="245"><subfield code="a">Dundee reporter.</subfield></datafield><datafield ind1="1" ind2="3" tag="246"><subfield code="a">Reporter</subfield></datafield><datafield ind1="1" ind2="3" tag="246"><subfield code="a">Dundee reporter, the Petersburg sun</subfield><subfield code="f">Mar. 2, 1989</subfield></datafield><datafield ind1=" " ind2=" " tag="260"><subfield code="a">Dundee, Mich. :</subfield><subfield code="b">H. Egarboad</subfield></datafield><datafield ind1=" " ind2=" " tag="300"><subfield code="a">v.</subfield></datafield><datafield ind1=" " ind2=" " tag="310"><subfield code="a">Weekly</subfield></datafield><datafield ind1="0" ind2=" " tag="362"><subfield code="a">-no. 109, no. 27 (Mar. 2, 1989).</subfield></datafield><datafield ind1=" " ind2=" " tag="588"><subfield code="a">Description based on: Vol. 2, no. 52 (May 3, 1879).</subfield></datafield><datafield ind1=" " ind2="0" tag="651"><subfield code="a">Dundee (Mich.)</subfield><subfield code="v">Newspapers.</subfield></datafield><datafield ind1=" " ind2="0" tag="651"><subfield code="a">Monroe County (Mich.)</subfield><subfield code="v">Newspapers.</subfield></datafield><datafield ind1=" " ind2="7" tag="655"><subfield code="a">Newspapers.</subfield><subfield code="2">fast</subfield><subfield code="0">(OCoLC)fst01423814</subfield></datafield><datafield ind1=" " ind2="7" tag="651"><subfield code="a">Michigan</subfield><subfield code="z">Dundee.</subfield><subfield code="2">fast</subfield><subfield code="0">(OCoLC)fst01283885</subfield></datafield><datafield ind1=" " ind2="7" tag="651"><subfield code="a">Michigan</subfield><subfield code="z">Monroe County.</subfield><subfield code="2">fast</subfield><subfield code="0">(OCoLC)fst01215990</subfield></datafield><datafield ind1=" " ind2=" " tag="752"><subfield code="a">United States</subfield><subfield code="b">Michigan</subfield><subfield code="c">Monroe</subfield><subfield code="d">Dundee.</subfield></datafield><datafield ind1="0" ind2="7" tag="785"><subfield code="t">Petersburgh sun</subfield><subfield code="w">(DLC)sn 96077408</subfield><subfield code="w">(OCoLC)36134755</subfield></datafield><datafield ind1="0" ind2="7" tag="785"><subfield code="t">Reporter-sun</subfield><subfield code="w">(DLC)sn2001061756</subfield><subfield code="w">(OCoLC)47848152</subfield></datafield></record>